@misc{Apt-System,
    author = {Kathy Kidwell},
    title = {NOAA KLM User's Guide(Englisch)},
    howpublished = {\url{https://web.archive.org/web/20041204200739/http://www2.ncdc.noaa.gov/docs/klm/index.htm}},
    year = {2004},
    note = {Abgerufen: 2021-01-01}
}


@misc{APT-How_it_works,
    author = { Martin Bernardi},
    title = {Noaa-APT How it works(Englisch)},
    howpublished = {\url{https://noaa-apt.mbernardi.com.ar/how-it-works.html}},
    note = {Abgerufen: 2021-01-01}
}

@misc{AlexandreRouma,
    author = { Alexandre Rouma },
    location   = {University of Liege (ULg)},
    title = {APT Flowchart in Gnuradio)},
    howpublished = {\url{https://twitter.com/ryzerth/status/1343933680184664066/photo/2}},
    note = {Abgerufen: 2021-01-03}
}

@misc{ Diy137MHz,
    author = {  Adam 9A4QV  },
    title = {DIY 137 MHz APT Weather satellite antenna)},
    howpublished = {\url{https://www.dropbox.com/s/6fpfn2p9filc9ol/DIY%20137MHz%20WX-sat%20V-dipole%20antenna.pdf?dl=0}},
    note = {Abgerufen: 2021-01-10}
}


@misc{ DSP.jl,
    author = {   Julia DSP  },
    title = {DSP.jl)},
    howpublished = {\url{https://github.com/JuliaDSP/DSP.jl}},
    note = {Abgerufen: 2021-01-10}
}

@misc{  APTDecoder.jl,
    author = {    Alexander Barth   },
    title = {APTDecoder.jl)},
    howpublished = {\url{https://github.com/Alexander-Barth/APTDecoder.jl}},
    note = {Abgerufen: 2021-01-10}
}

